@article{InsuRenale,
  title = {Commentaire sur "KDIGO 2012 Clinical Practice Guideline for the Evaluation and Management of Chronic Kidney Disease"},
  author = {Konrad M Andrassy},
  year = {2013}
}


@article{ChiffresREIN,
  title = {"Réseau Epidémiologie, Information, Néphrologie - Rapport annuel 2022""},
  year = {2022}
}


@article{RejetGreffe,
  title = {"La science face au manque d’organes""},
  author = {Mélanie Affentranger},
  year = {2020}
}


@article{DefAntiHLA,
  title = {"How do highly sensitized patients get kidney transplants in the United States?"},
  author ={Jackson JK, et al.},
  year = {2020}
}


@article{InfoDesimun,
  title = {"Desensitization in the Setting of HLA-Incompatible Kidney Transplant"},
  author = {Malvezzi P, et al.},
  year = {2018}
}


@article{DesimunProtocoles,
  title = {"Desensitization protocols and their outcome"},
  author = {Marfo K, et al.},
  year = {2011}
}


@article{InfoIA,
  title = {"Plasma exchange for renal disease: Evidence and use 2011"},
  author = {Clark WF},
  year = {2012}
}


@article{PresProjetEtu,
  title = {"Modélisation de la desimmunisation de patients en attente de greffe"},
  crossref = {PresProjetGeneral}
}


@article{CrossMatch,
  title = {"Significance of the positive crossmatch test in kidney transplantation"},
  author = {Patel R, et al.},
  year = {1969}
}




